@article {IMA:IMA10007,
author = {Gregor, Jens and Rannou, Fernando R.},
title = {Three-dimensional support function estimation and application for projection magnetic resonance imaging},
journal = {International Journal of Imaging Systems and Technology},
volume = {12},
number = {1},
publisher = {John Wiley & Sons, Inc.},
issn = {1098-1098},
url = {http://dx.doi.org/10.1002/ima.10007},
doi = {10.1002/ima.10007},
pages = {43--50},
keywords = {support function, projection imaging, magnetic resonance imaging},
year = {2002},
}
