@article{Chazelle:1992:OAI:141741.141749,
 author = {Chazelle, Bernard},
 title = {An Optimal Algorithm for Intersecting Three-dimensional Convex Polyhedra},
 journal = {SIAM J. Comput.},
 issue_date = {Aug. 1992},
 volume = {21},
 number = {4},
 month = aug,
 year = {1992},
 issn = {0097-5397},
 pages = {671--696},
 numpages = {26},
 url = {http://dx.doi.org/10.1137/0221041},
 doi = {10.1137/0221041},
 acmid = {141749},
 publisher = {Society for Industrial and Applied Mathematics},
 address = {Philadelphia, PA, USA},
 keywords = {computational geometry, convex polyhedra},
}