@article{Karl:1996:LTC:234032.234054,
 author = {Karl, William C. and Kulkarni, Sanjeev R. and Verghese, George C. and Willsky, Alan S.},
 title = {Local Tests for Consistency of Support Hyperplane Data},
 journal = {J. Math. Imaging Vis.},
 issue_date = {June 1996},
 volume = {6},
 number = {2-3},
 month = jun,
 year = {1996},
 issn = {0924-9907},
 pages = {249--267},
 numpages = {19},
 url = {http://dx.doi.org/10.1007/BF00119842},
 doi = {10.1007/BF00119842},
 acmid = {234054},
 publisher = {Kluwer Academic Publishers},
 address = {Norwell, MA, USA},
 keywords = {computational geometry, data consistency criteria, set reconstruction, support hyperplane data},
}