@article{Barber:1996:QAC:235815.235821,
 author = {Barber, C. Bradford and Dobkin, David P. and Huhdanpaa, Hannu},
 title = {The Quickhull Algorithm for Convex Hulls},
 journal = {ACM Trans. Math. Softw.},
 issue_date = {Dec. 1996},
 volume = {22},
 number = {4},
 month = dec,
 year = {1996},
 issn = {0098-3500},
 pages = {469--483},
 numpages = {15},
 url = {http://doi.acm.org/10.1145/235815.235821},
 doi = {10.1145/235815.235821},
 acmid = {235821},
 publisher = {ACM},
 address = {New York, NY, USA},
 keywords = {Delaunay triangulation, Voronoi diagram, convex hull, halfspace intersection},
}