@article{Ghosh:1998:SFR:307150.307167,
 author = {Ghosh, Pijush K. and Kumar, K. Vinod},
 title = {Support Function Representation of Convex Bodies, Its Application in Geometric Computing, and Some Related Representations},
 journal = {Comput. Vis. Image Underst.},
 issue_date = {Dec. 1998},
 volume = {72},
 number = {3},
 month = dec,
 year = {1998},
 issn = {1077-3142},
 pages = {379--403},
 numpages = {25},
 url = {http://dx.doi.org/10.1006/cviu.1998.0674},
 doi = {10.1006/cviu.1998.0674},
 acmid = {307167},
 publisher = {Elsevier Science Inc.},
 address = {New York, NY, USA},
 keywords = {Fourier transform, Legendre transformation, convexity, mathematical morphology, polar body, shape representation and analysis, support function},
}