@book{Preparata:1985:CGI:4333,
 author = {Preparata, Franco P. and Shamos, Michael I.},
 title = {Computational Geometry:  An Introduction},
 year = {1985},
 isbn = {0-387-96131-3},
 publisher = {Springer-Verlag New York, Inc.},
 address = {New York, NY, USA},
}