@ARTICLE{4586384, 
author={Gardner, R.J. and Kiderlen, M.}, 
journal={Pattern Analysis and Machine Intelligence, IEEE Transactions on}, 
title={A New Algorithm for 3D Reconstruction from Support Functions}, 
year={2009}, 
month={March}, 
volume={31}, 
number={3}, 
pages={556-562}, 
keywords={computerised tomography;image reconstruction;mathematics computing;3D reconstruction;Matlab;convex body;geometric tomography;least squares procedure;support functions;Inverse problems;Least squares methods;Mathematics of Computing;Numerical Analysis;Optimization;Partial Differential Equations;Shape;Algorithms;Artificial Intelligence;Image Enhancement;Image Interpretation, Computer-Assisted;Imaging, Three-Dimensional;Pattern Recognition, Automated;Reproducibility of Results;Sensitivity and Specificity}, 
doi={10.1109/TPAMI.2008.190}, 
ISSN={0162-8828},}
