@article{Prince:1990:RCS:81024.81035,
 author = {Prince, J. L. and Willsky, A. S.},
 title = {Reconstructing Convex Sets from Support Line Measurements},
 journal = {IEEE Trans. Pattern Anal. Mach. Intell.},
 issue_date = {April 1990},
 volume = {12},
 number = {4},
 month = apr,
 year = {1990},
 issn = {0162-8828},
 pages = {377--389},
 numpages = {13},
 url = {http://dx.doi.org/10.1109/34.50623},
 doi = {10.1109/34.50623},
 acmid = {81035},
 publisher = {IEEE Computer Society},
 address = {Washington, DC, USA},
 keywords = {computerised picture processing, detection probabilities, dim targets, directional filtering, fast Fourier transforms, filtering and prediction theory, frequency domain algorithm, imaging sensors, moving targets, multiframe detection, multiframe estimation, tracking systems, trajectories estimation},
}