@misc{clp,
    title = "\textsc{CLP}, {COIN-OR} {L}inear {P}rogramming solver, Version 1.15.5",
    note  = "https://projects.coin-or.org/Clp"
}
