@ARTICLE{Gardner06convergenceof,
	author = {Richard J. Gardner and Markus Kiderlen and Peyman Milanfar},
	title = {Convergence of algorithms for reconstructing convex bodies and directional measures},
	journal = {Ann. Statist},
	year = {2006},
	pages = {1331--1374}
}
