@misc{glpk,
    title = "\textsc{GLPK}, {GNU} {L}inear {P}rogramming {K}it, Version 4.32",
    note  = "http://www.gnu.org/software/glpk/glpk.html"
}
