@article{Guntuboyina2012,
  doi = {10.1214/11-aos959},
  url = {http://dx.doi.org/10.1214/11-AOS959},
  year  = {2012},
  month = {feb},
  publisher = {Institute of Mathematical Statistics},
  volume = {40},
  number = {1},
  pages = {385--411},
  author = {Adityanand Guntuboyina},
  title = {Optimal rates of convergence for convex set estimation from support functions},
  journal = {The Annals of Statistics}
}
