% please dont't modify the "arobase" string commands
% they are used by the scripts to create the "How to cite CGAL" web page
% thanks - Monique

@string{ author_create_page = 0 }
@string{ category_create_page = 0 }
@string{ reduced_year_create_page = 0 }
@string{ complete_year_create_page = 0 }

@string{ index_file_title = "How to cite CGAL" }
@string{ index_page_title = "How to cite CGAL" }

@string{ complete_biblio_file_title = "CGAL Publications sorted by year" }
@string{ complete_biblio_page_title = "CGAL Publications sorted by year" }
@string{ filename_complete_biblio = "how_to_cite_cgal" }

@string{ head_tag.end = "layout.html" }
%@string{ header_of_contents = "header_of_contents" }

@string{ keyword_build_initials_index = 0 }
@string{ keyword_put_initials_in_index = 0 }

@string{ keyword_write_bibtex_abstract = 0 }
@string{ complete_biblio_write_bibtex_abstract = 0 }

@string{ disclaimer_2 = ""}
@STRING{ default_header_of_body = "" }
@STRING{ default_footer_of_contents = ""}
@string{ index_write_author = 0 }
@string{ keyword_write_author = 0 }
@string{ complete_biblio_write_author = 0 }

@string{ index_write_date = 0 }
@string{ keyword_write_date = 0 }
@string{ complete_biblio_write_date = 0 }



@book{ cgal:eb-15a
, title        = "{CGAL} User and Reference Manual"
, author      = "{The CGAL Project}"
, publisher     = "{CGAL Editorial Board}"
, edition     = "{4.5.2}"
, year         = 2015
, url =    "http://doc.cgal.org/4.5.2/Manual/packages.html"
}


@incollection{cgal:h-af-15a
, author =  "Michael Hemmer"
, title =   "Algebraic Foundations"
, publisher =  "{CGAL Editorial Board}"
, edition =     "{4.5.2}"
, booktitle =   "{CGAL} User and Reference Manual"
, url = "http://doc.cgal.org/4.5.2/Manual/packages.html#PkgAlgebraicFoundationsSummary"
, year =        2015
}

@incollection{cgal:bht-ak-15a
, author =  "Eric Berberich and Michael Hemmer and Michael Kerber and Sylvain Lazard and Luis Pe{\~n}aranda and Monique Teillaud"
, title =   "Algebraic Kernel"
, publisher =  "{CGAL Editorial Board}"
, edition =     "{4.5.2}"
, booktitle =   "{CGAL} User and Reference Manual"
, url = "http://doc.cgal.org/4.5.2/Manual/packages.html#PkgAlgebraicKerneldSummary"
, year =        2015
}

@incollection{cgal:hhkps-nt-15a
, author =  "Michael Hemmer and Susan Hert and Lutz Kettner and Sylvain Pion and Stefan Schirra"
, title =   "Number Types"
, publisher =  "{CGAL Editorial Board}"
, edition =     "{4.5.2}"
, booktitle =   "{CGAL} User and Reference Manual"
, url = "http://doc.cgal.org/4.5.2/Manual/packages.html#PkgNumberTypesSummary"
, year =        2015
}

@incollection{cgal:h-p-15a
, author =  "Michael Hemmer"
, title =   "Polynomial"
, publisher =  "{CGAL Editorial Board}"
, edition =     "{4.5.2}"
, booktitle =   "{CGAL} User and Reference Manual"
, url = "http://doc.cgal.org/4.5.2/Manual/packages.html#PkgPolynomialSummary"
, year =        2015
}

@incollection{cgal:h-ma-15a
, author =  "Michael Hemmer"
, title =   "Modular Arithmetic"
, publisher =  "{CGAL Editorial Board}"
, edition =     "{4.5.2}"
, booktitle =   "{CGAL} User and Reference Manual"
, url = "http://doc.cgal.org/4.5.2/Manual/packages.html#PkgModularArithmeticSummary"
, year =        2015
}

@incollection{cgal:bfghhkps-lgk23-15a
, author =  "Herv{\'e} Br{\"o}nnimann and Andreas Fabri and Geert-Jan Giezeman and Susan Hert and Michael Hoffmann and Lutz Kettner and Sylvain Pion and Stefan Schirra"
, title =   "{2D} and {3D} Geometry Kernel"
, publisher =  "{CGAL Editorial Board}"
, edition =     "{4.5.2}"
, booktitle =   "{CGAL} User and Reference Manual"
, url = "http://doc.cgal.org/4.5.2/Manual/packages.html#PkgKernel23Summary"
, year =        2015
}

@incollection{cgal:s-gkd-15a
, author =  "Michael Seel"
, title =   "{dD} Geometry Kernel"
, publisher =  "{CGAL Editorial Board}"
, edition =     "{4.5.2}"
, booktitle =   "{CGAL} User and Reference Manual"
, url = "http://doc.cgal.org/4.5.2/Manual/packages.html#PkgKernelDSummary"
, year =        2015
}

@incollection{cgal:cpt-cgk2-15a
, author =  "Pedro Machado Manh\~{a}es de Castro and Sylvain Pion and Monique Teillaud"
, title =   "{2D} Circular Geometry Kernel"
, publisher =  "{CGAL Editorial Board}"
, edition =     "{4.5.2}"
, booktitle =   "{CGAL} User and Reference Manual"
, url = "http://doc.cgal.org/4.5.2/Manual/packages.html#PkgCircularKernel2Summary"
, year =        2015
}

@incollection{cgal:cclt-sgk3-15a
, author =  "Pedro Machado Manh\~{a}es de Castro and Fr{\'e}d{\'e}ric Cazals and S{\'e}bastien Loriot and Monique Teillaud"
, title =   "{3D} Spherical Geometry Kernel"
, publisher =  "{CGAL Editorial Board}"
, edition =     "{4.5.2}"
, booktitle =   "{CGAL} User and Reference Manual"
, url = "http://doc.cgal.org/4.5.2/Manual/packages.html#PkgSphericalKernel3Summary"
, year =        2015
}

@incollection{cgal:hs-chep2-15a
, author =  "Susan Hert and Stefan Schirra"
, title =   "{2D} Convex Hulls and Extreme Points"
, publisher =  "{CGAL Editorial Board}"
, edition =     "{4.5.2}"
, booktitle =   "{CGAL} User and Reference Manual"
, url = "http://doc.cgal.org/4.5.2/Manual/packages.html#PkgConvexHull2Summary"
, year =        2015
}

@incollection{cgal:hs-ch3-15a
, author =  "Susan Hert and Stefan Schirra"
, title =   "{3D} Convex Hulls"
, publisher =  "{CGAL Editorial Board}"
, edition =     "{4.5.2}"
, booktitle =   "{CGAL} User and Reference Manual"
, url = "http://doc.cgal.org/4.5.2/Manual/packages.html#PkgConvexHull3Summary"
, year =        2015
}

@incollection{cgal:gw-p2-15a
, author =  "Geert-Jan Giezeman and Wieger Wesselink"
, title =   "{2D} Polygons"
, publisher =  "{CGAL Editorial Board}"
, edition =     "{4.5.2}"
, booktitle =   "{CGAL} User and Reference Manual"
, url = "http://doc.cgal.org/4.5.2/Manual/packages.html#PkgPolygon2Summary"
, year =        2015
}

@incollection{cgal:h-pp2-15a
, author =  "Susan Hert"
, title =   "{2D} Polygon Partitioning"
, publisher =  "{CGAL Editorial Board}"
, edition =     "{4.5.2}"
, booktitle =   "{CGAL} User and Reference Manual"
, url = "http://doc.cgal.org/4.5.2/Manual/packages.html#PkgPolygonPartitioning2Summary"
, year =        2015
}

@incollection{cgal:hs-chdt3-15a
, author =  "Susan Hert and Michael Seel"
, title =   "{dD} Convex Hulls and {Delaunay} Triangulations"
, publisher =  "{CGAL Editorial Board}"
, edition =     "{4.5.2}"
, booktitle =   "{CGAL} User and Reference Manual"
, url = "http://doc.cgal.org/4.5.2/Manual/packages.html#PkgConvexHullDSummary"
, year =        2015
}

@incollection{cgal:k-ps-15a
, author =  "Lutz Kettner"
, title =   "{3D} Polyhedral Surfaces"
, publisher =  "{CGAL Editorial Board}"
, edition =     "{4.5.2}"
, booktitle =   "{CGAL} User and Reference Manual"
, url = "http://doc.cgal.org/4.5.2/Manual/packages.html#PkgPolyhedronSummary"
, year =        2015
}

@incollection{cgal:k-hds-15a
, author =  "Lutz Kettner"
, title =   "Halfedge Data Structures"
, publisher =  "{CGAL Editorial Board}"
, edition =     "{4.5.2}"
, booktitle =   "{CGAL} User and Reference Manual"
, url = "http://doc.cgal.org/4.5.2/Manual/packages.html#PkgHDSSummary"
, year =        2015
}

@incollection{cgal:d-cm-15a
, author =  "Guillaume Damiand"
, title =   "Combinatorial Maps"
, publisher =  "{CGAL Editorial Board}"
, edition =     "{4.5.2}"
, booktitle =   "{CGAL} User and Reference Manual"
, url = "http://doc.cgal.org/4.5.2/Manual/packages.html#PkgCombinatorialMapsSummary"
, year =        2015
}

@incollection{cgal:d-lcc-15a
, author =  "Guillaume Damiand"
, title =   "Linear Cell Complex"
, publisher =  "{CGAL Editorial Board}"
, edition =     "{4.5.2}"
, booktitle =   "{CGAL} User and Reference Manual"
, url = "http://doc.cgal.org/4.5.2/Manual/packages.html#PkgLinearCellComplexSummary"
, year =        2015
}

@incollection{cgal:fwzh-rbso2-15a
, author =  "Efi Fogel and  Ron Wein and  Baruch Zukerman and Dan Halperin"
, title =   "{2D} Regularized {Boolean} Set-Operations"
, publisher =  "{CGAL Editorial Board}"
, edition =     "{4.5.2}"
, booktitle =   "{CGAL} User and Reference Manual"
, url = "http://doc.cgal.org/4.5.2/Manual/packages.html#PkgBooleanSetOperations2Summary"
, year =        2015
}

@incollection{cgal:w-rms2-15a
, author =  "Ron Wein"
, title =   "{2D} {Minkowski} Sums"
, publisher =  "{CGAL Editorial Board}"
, edition =     "{4.5.2}"
, booktitle =   "{CGAL} User and Reference Manual"
, url = "http://doc.cgal.org/4.5.2/Manual/packages.html#PkgMinkowskiSum2Summary"
, year =        2015
}

@incollection{cgal:s-bonp2-15a
, author =  "Michael Seel"
, title =   "{2D} {Boolean} Operations on {Nef} Polygons"
, publisher =  "{CGAL Editorial Board}"
, edition =     "{4.5.2}"
, booktitle =   "{CGAL} User and Reference Manual"
, url = "http://doc.cgal.org/4.5.2/Manual/packages.html#PkgNef2Summary"
, year =        2015
}

@incollection{cgal:hk-bonpes2-15a
, author =  "Peter Hachenberger and Lutz Kettner"
, title =   "{2D} {Boolean} Operations on {Nef} Polygons Embedded on the Sphere"
, publisher =  "{CGAL Editorial Board}"
, edition =     "{4.5.2}"
, booktitle =   "{CGAL} User and Reference Manual"
, url = "http://doc.cgal.org/4.5.2/Manual/packages.html#PkgNefS2Summary"
, year =        2015
}

@incollection{cgal:hk-bonp3-15a
, author =  "Peter Hachenberger and Lutz Kettner"
, title =   "{3D} {Boolean} Operations on {Nef} Polyhedra"
, publisher =  "{CGAL Editorial Board}"
, edition =     "{4.5.2}"
, booktitle =   "{CGAL} User and Reference Manual"
, url = "http://doc.cgal.org/4.5.2/Manual/packages.html#PkgNef3Summary"
, year =        2015
}

@incollection{cgal:h-emspe-15a
, author =  "Peter Hachenberger"
, title =   "Convex Decomposition of Polyhedra"
, publisher =  "{CGAL Editorial Board}"
, edition =     "{4.5.2}"
, booktitle =   "{CGAL} User and Reference Manual"
, url = "http://doc.cgal.org/4.5.2/Manual/packages.html#PkgConvexDecomposition3Summary"
, year =        2015
}

@incollection{cgal:h-msp3-15a
, author =  "Peter Hachenberger"
, title =   "{3D} {Minkowski} Sum of Polyhedra"
, publisher =  "{CGAL Editorial Board}"
, edition =     "{4.5.2}"
, booktitle =   "{CGAL} User and Reference Manual"
, url = "http://doc.cgal.org/4.5.2/Manual/packages.html#PkgMinkowskiSum3Summary"
, year =        2015
}

@incollection{cgal:c-sspo2-15a
, author =  "Fernando Cacciola"
, title =   "{2D} Straight Skeleton and Polygon Offsetting"
, publisher =  "{CGAL Editorial Board}"
, edition =     "{4.5.2}"
, booktitle =   "{CGAL} User and Reference Manual"
, url = "http://doc.cgal.org/4.5.2/Manual/packages.html#PkgStraightSkeleton2Summary"
, year =        2015
}

@incollection{cgal:wfzh-a2-15a
, author =  "Ron Wein and Eric Berberich and Efi Fogel and Dan Halperin and Michael Hemmer and Oren Salzman and Baruch Zukerman"
, title =   "{2D} Arrangements"
, publisher =  "{CGAL Editorial Board}"
, edition =     "{4.5.2}"
, booktitle =   "{CGAL} User and Reference Manual"
, url = "http://doc.cgal.org/4.5.2/Manual/packages.html#PkgArrangement2Summary"
, year =        2015
}

@incollection{cgal:wfz-ic2-15a
, author =  "Baruch Zukerman and Ron Wein and Efi Fogel"
, title =   "{2D} Intersection of Curves"
, publisher =  "{CGAL Editorial Board}"
, edition =     "{4.5.2}"
, booktitle =   "{CGAL} User and Reference Manual"
, url = "http://doc.cgal.org/4.5.2/Manual/packages.html#PkgIntersectionOfCurves2Summary"
, year =        2015
}

@incollection{cgal:p-sr2-15a
, author =  "Eli Packer"
, title =   "{2D} Snap Rounding"
, publisher =  "{CGAL Editorial Board}"
, edition =     "{4.5.2}"
, booktitle =   "{CGAL} User and Reference Manual"
, url = "http://doc.cgal.org/4.5.2/Manual/packages.html#PkgSnapRounding2Summary"
, year =        2015
}

@incollection{cgal:w-e2-15a
, author =  "Ron Wein"
, title =   "{2D} Envelopes"
, publisher =  "{CGAL Editorial Board}"
, edition =     "{4.5.2}"
, booktitle =   "{CGAL} User and Reference Manual"
, url = "http://doc.cgal.org/4.5.2/Manual/packages.html#PkgEnvelope2Summary"
, year =        2015
}

@incollection{cgal:mwz-e3-15a
, author =  "Michal Meyerovitch and Ron Wein and Baruch Zukerman"
, title =   "{3D} Envelopes"
, publisher =  "{CGAL Editorial Board}"
, edition =     "{4.5.2}"
, booktitle =   "{CGAL} User and Reference Manual"
, url = "http://doc.cgal.org/4.5.2/Manual/packages.html#PkgEnvelope3Summary"
, year =        2015
}

@incollection{cgal:y-t2-15a
, author =  "Mariette Yvinec"
, title =   "{2D} Triangulations"
, publisher =  "{CGAL Editorial Board}"
, edition =     "{4.5.2}"
, booktitle =   "{CGAL} User and Reference Manual"
, url = "http://doc.cgal.org/4.5.2/Manual/packages.html#PkgTriangulation2Summary"
, year =        2015
}

@incollection{cgal:py-tds2-15a
, author =  "Sylvain Pion and Mariette Yvinec"
, title =   "{2D} Triangulation Data Structure"
, publisher =  "{CGAL Editorial Board}"
, edition =     "{4.5.2}"
, booktitle =   "{CGAL} User and Reference Manual"
, url = "http://doc.cgal.org/4.5.2/Manual/packages.html#PkgTDS2Summary"
, year =        2015
}

@incollection{cgal:pt-t3-15a
, author =  "Sylvain Pion and Monique Teillaud"
, title =   "{3D} Triangulations"
, publisher =  "{CGAL Editorial Board}"
, edition =     "{4.5.2}"
, booktitle =   "{CGAL} User and Reference Manual"
, url = "http://doc.cgal.org/4.5.2/Manual/packages.html#PkgTriangulation3Summary"
, year =        2015
}

@incollection{cgal:pt-tds3-15a
, author =  "Sylvain Pion and Monique Teillaud"
, title =   "{3D} Triangulation Data Structure"
, publisher =  "{CGAL Editorial Board}"
, edition =     "{4.5.2}"
, booktitle =   "{CGAL} User and Reference Manual"
, url = "http://doc.cgal.org/4.5.2/Manual/packages.html#PkgTDS3Summary"
, year =        2015
}

@incollection{cgal:k-pt2-15a
, author =  "Nico Kruithof"
, title =   "{2D} Periodic Triangulations"
, publisher =  "{CGAL Editorial Board}"
, edition =     "{4.5.2}"
, booktitle =   "{CGAL} User and Reference Manual"
, url = "http://doc.cgal.org/4.5.2/Manual/packages.html#PkgPeriodic3Triangulation3Summary"
, year =        2015
}

@incollection{cgal:ct-pt3-15a
, author =  "Manuel Caroli and Monique Teillaud"
, title =   "{3D} Periodic Triangulations"
, publisher =  "{CGAL Editorial Board}"
, edition =     "{4.5.2}"
, booktitle =   "{CGAL} User and Reference Manual"
, url = "http://doc.cgal.org/4.5.2/Manual/packages.html#PkgPeriodic3Triangulation3Summary"
, year =        2015
}

@incollection{cgal:d-as2-15a
, author =  "Tran Kai Frank Da"
, title =   "{2D} Alpha Shapes"
, publisher =  "{CGAL Editorial Board}"
, edition =     "{4.5.2}"
, booktitle =   "{CGAL} User and Reference Manual"
, url = "http://doc.cgal.org/4.5.2/Manual/packages.html#PkgAlphaShape2Summary"
, year =        2015
}

@incollection{cgal:dy-as3-15a
, author =  "Tran Kai Frank Da and Mariette Yvinec"
, title =   "{3D} Alpha Shapes"
, publisher =  "{CGAL Editorial Board}"
, edition =     "{4.5.2}"
, booktitle =   "{CGAL} User and Reference Manual"
, url = "http://doc.cgal.org/4.5.2/Manual/packages.html#PkgAlphaShapes3Summary"
, year =        2015
}

@incollection{cgal:k-sdg2-15a
, author =  "Menelaos Karavelas"
, title =   "{2D} Segment {Delaunay} Graphs"
, publisher =  "{CGAL Editorial Board}"
, edition =     "{4.5.2}"
, booktitle =   "{CGAL} User and Reference Manual"
, url = "http://doc.cgal.org/4.5.2/Manual/packages.html#PkgSegmentDelaunayGraph2Summary"
, year =        2015
}

@incollection{cgal:ky-ag2-15a
, author =  "Menelaos Karavelas and Mariette Yvinec"
, title =   "{2D} {Apollonius} Graphs ({Delaunay} Graphs of Disks)"
, publisher =  "{CGAL Editorial Board}"
, edition =     "{4.5.2}"
, booktitle =   "{CGAL} User and Reference Manual"
, url = "http://doc.cgal.org/4.5.2/Manual/packages.html#PkgApolloniusGraph2Summary"
, year =        2015
}

@incollection{cgal:k-vda2-15a
, author =  "Menelaos Karavelas"
, title =   "{2D} {Voronoi} Diagram Adaptor"
, publisher =  "{CGAL Editorial Board}"
, edition =     "{4.5.2}"
, booktitle =   "{CGAL} User and Reference Manual"
, url = "http://doc.cgal.org/4.5.2/Manual/packages.html#PkgVoronoiDiagramAdaptor2Summary"
, year =        2015
}

@incollection{cgal:r-ctm2-15a
, author =  "Laurent Rineau"
, title =   "{2D} Conforming Triangulations and Meshes"
, publisher =  "{CGAL Editorial Board}"
, edition =     "{4.5.2}"
, booktitle =   "{CGAL} User and Reference Manual"
, url = "http://doc.cgal.org/4.5.2/Manual/packages.html#PkgMesh2Summary"
, year =        2015
}

@incollection{cgal:ry-smg-15a
, author =  "Laurent Rineau and Mariette Yvinec"
, title =   "{3D} Surface Mesh Generation"
, publisher =  "{CGAL Editorial Board}"
, edition =     "{4.5.2}"
, booktitle =   "{CGAL} User and Reference Manual"
, url = "http://doc.cgal.org/4.5.2/Manual/packages.html#PkgSurfaceMesher3Summary"
, year =        2015
}

@incollection{cgal:asg-srps-15a
, author =  "Pierre Alliez and Laurent Saboret and Gael Guennebaud"
, title =   "Surface Reconstruction from Point Sets"
, publisher =  "{CGAL Editorial Board}"
, edition =     "{4.5.2}"
, booktitle =   "{CGAL} User and Reference Manual"
, url = "http://doc.cgal.org/4.5.2/Manual/packages.html#PkgSurfaceReconstructionFromPointSetsSummary"
, year =        2015
}

@incollection{cgal:k-ssm3-15a
, author =  "Nico Kruithof"
, title =   "{3D} Skin Surface Meshing"
, publisher =  "{CGAL Editorial Board}"
, edition =     "{4.5.2}"
, booktitle =   "{CGAL} User and Reference Manual"
, url = "http://doc.cgal.org/4.5.2/Manual/packages.html#PkgSkinSurface3Summary"
, year =        2015
}

@incollection{cgal:rty-m3-15a
, author =  "Pierre Alliez and Laurent Rineau and St\'ephane Tayeb and  Jane Tournois and Mariette Yvinec"
, title =   "{3D} Mesh Generation"
, publisher =  "{CGAL Editorial Board}"
, edition =     "{4.5.2}"
, booktitle =   "{CGAL} User and Reference Manual"
, url = "http://doc.cgal.org/4.5.2/Manual/packages.html#PkgMesh_3Summary"
, year =        2015
}

@incollection{cgal:s-ssm2-15a
, author =  "Le-Jeng Andy Shiue"
, title =   "{3D} Surface Subdivision Methods"
, publisher =  "{CGAL Editorial Board}"
, edition =     "{4.5.2}"
, booktitle =   "{CGAL} User and Reference Manual"
, url = "http://doc.cgal.org/4.5.2/Manual/packages.html#PkgSurfaceSubdivisionMethods3Summary"
, year =        2015
}

@incollection{cgal:c-tsms-15a
, author =  "Fernando Cacciola"
, title =   "Triangulated Surface Mesh Simplification"
, publisher =  "{CGAL Editorial Board}"
, edition =     "{4.5.2}"
, booktitle =   "{CGAL} User and Reference Manual"
, url = "http://doc.cgal.org/4.5.2/Manual/packages.html#PkgSurfaceMeshSimplificationSummary"
, year =        2015
}

@incollection{cgal:sal-pptsm2-15a
, author =  "Laurent Saboret and Pierre Alliez and Bruno L\'evy"
, title =   "Planar Parameterization of Triangulated Surface Meshes"
, publisher =  "{CGAL Editorial Board}"
, edition =     "{4.5.2}"
, booktitle =   "{CGAL} User and Reference Manual"
, url = "http://doc.cgal.org/4.5.2/Manual/packages.html#PkgSurfaceParameterizationSummary"
, year =        2015
}

@incollection{cgal:b-ss2-15a
, author =  "Matthias B{\"a}sken"
, title =   "{2D} Range and Neighbor Search"
, publisher =  "{CGAL Editorial Board}"
, edition =     "{4.5.2}"
, booktitle =   "{CGAL} User and Reference Manual"
, url = "http://doc.cgal.org/4.5.2/Manual/packages.html#PkgPointSet2Summary"
, year =        2015
}

@incollection{cgal:n-rstd-15a
, author =  "Gabriele Neyer"
, title =   "{dD} Range and Segment Trees"
, publisher =  "{CGAL Editorial Board}"
, edition =     "{4.5.2}"
, booktitle =   "{CGAL} User and Reference Manual"
, url = "http://doc.cgal.org/4.5.2/Manual/packages.html#PkgRangeSegmentTreesDSummary"
, year =        2015
}

@incollection{cgal:f-isl-15a
, author =  "Andreas Fabri"
, title =   "Interval Skip List"
, publisher =  "{CGAL Editorial Board}"
, edition =     "{4.5.2}"
, booktitle =   "{CGAL} User and Reference Manual"
, url = "http://doc.cgal.org/4.5.2/Manual/packages.html#PkgIntervalSkipListSummary"
, year =        2015
}

@incollection{cgal:tf-ssd-15a
, author =  "Hans Tangelder and Andreas Fabri"
, title =   "{dD} Spatial Searching"
, publisher =  "{CGAL Editorial Board}"
, edition =     "{4.5.2}"
, booktitle =   "{CGAL} User and Reference Manual"
, url = "http://doc.cgal.org/4.5.2/Manual/packages.html#PkgSpatialSearchingDSummary"
, year =        2015
}

@incollection{cgal:kmz-isiobd-15a
, author =  "Lutz Kettner and Andreas Meyer and Afra Zomorodian"
, title =   "Intersecting Sequences of {dD} Iso-oriented Boxes"
, publisher =  "{CGAL Editorial Board}"
, edition =     "{4.5.2}"
, booktitle =   "{CGAL} User and Reference Manual"
, url = "http://doc.cgal.org/4.5.2/Manual/packages.html#PkgBoxIntersectionDSummary"
, year =        2015
}

@incollection{cgal:fghhs-bv-15a
, author =  "Kaspar Fischer and Bernd G{\"a}rtner and Thomas Herrmann and Michael Hoffmann and Sven Sch{\"o}nherr"
, title =   "Bounding Volumes"
, publisher =  "{CGAL Editorial Board}"
, edition =     "{4.5.2}"
, booktitle =   "{CGAL} User and Reference Manual"
, url = "http://doc.cgal.org/4.5.2/Manual/packages.html#PkgBoundingVolumesSummary"
, year =        2015
}

@incollection{cgal:fgsw-lqps-15a
, author =  "Kaspar Fischer and Bernd G{\"a}rtner and Sven Sch{\"o}nherr and Frans Wessendorp"
, title =   "Linear and Quadratic Programming Solver"
, publisher =  "{CGAL Editorial Board}"
, edition =     "{4.5.2}"
, booktitle =   "{CGAL} User and Reference Manual"
, url = "http://doc.cgal.org/4.5.2/Manual/packages.html#PkgQPSolverSummary"
, year =        2015
}

@incollection{cgal:hp-ia-15a
, author =  "Michael Hoffmann and Eli Packer"
, title =   "Inscribed Areas"
, publisher =  "{CGAL Editorial Board}"
, edition =     "{4.5.2}"
, booktitle =   "{CGAL} User and Reference Manual"
, url = "http://doc.cgal.org/4.5.2/Manual/packages.html#PkgInscribedAreasSummary"
, year =        2015
}

@incollection{cgal:fghhs-od-15a
, author =  "Kaspar Fischer and Bernd G{\"a}rtner and Thomas Herrmann and Michael Hoffmann
                and Sven Sch{\"o}nherr"
, title =   "Optimal Distances"
, publisher =  "{CGAL Editorial Board}"
, edition =     "{4.5.2}"
, booktitle =   "{CGAL} User and Reference Manual"
, url = "http://doc.cgal.org/4.5.2/Manual/packages.html#PkgOptimalDistancesSummary"
, year =        2015
}

@incollection{cgal:f-i-15a
, author =  "Julia Fl{\"o}totto"
, title =   "{2D} and Surface Function Interpolation"
, publisher =  "{CGAL Editorial Board}"
, edition =     "{4.5.2}"
, booktitle =   "{CGAL} User and Reference Manual"
, url = "http://doc.cgal.org/4.5.2/Manual/packages.html#PkgInterpolation2Summary"
, year =        2015
}

@incollection{cgal:ap-pcad-15a
, author =  "Pierre Alliez and Sylvain Pion and Ankit Gupta"
, title =   "Principal Component Analysis"
, publisher =  "{CGAL Editorial Board}"
, edition =     "{4.5.2}"
, booktitle =   "{CGAL} User and Reference Manual"
, url = "http://doc.cgal.org/4.5.2/Manual/packages.html#PkgPrincipalComponentAnalysisDSummary"
, year =        2015
}

@incollection{cgal:m-ps-15a
, author =  "Abdelkrim Mebarki"
, title =   "{2D} Placement of Streamlines"
, publisher =  "{CGAL Editorial Board}"
, edition =     "{4.5.2}"
, booktitle =   "{CGAL} User and Reference Manual"
, url = "http://doc.cgal.org/4.5.2/Manual/packages.html#PkgPlacementOfStreamlines2Summary"
, year =        2015
}

@incollection{cgal:cp-arutsm-15a
, author =  "Marc Pouget and Fr\'ed\'eric Cazals"
, title =   "Approximation of Ridges and Umbilics on Triangulated Surface Meshes"
, publisher =  "{CGAL Editorial Board}"
, edition =     "{4.5.2}"
, booktitle =   "{CGAL} User and Reference Manual"
, url = "http://doc.cgal.org/4.5.2/Manual/packages.html#PkgRidges_3Summary"
, year =        2015
}

@incollection{cgal:pc-eldp-15a
, author =  "Marc Pouget and Fr\'ed\'eric Cazals"
, title =   "Estimation of Local Differential Properties of Point-Sampled Surfaces"
, publisher =  "{CGAL Editorial Board}"
, edition =     "{4.5.2}"
, booktitle =   "{CGAL} User and Reference Manual"
, url = "http://doc.cgal.org/4.5.2/Manual/packages.html#PkgJet_fitting_3Summary"
, year =        2015
}

@incollection{cgal:ass-psp-15a
, author =  "Pierre Alliez and Laurent Saboret and Nader Salman"
, title =   "Point Set Processing"
, publisher =  "{CGAL Editorial Board}"
, edition =     "{4.5.2}"
, booktitle =   "{CGAL} User and Reference Manual"
, url = "http://doc.cgal.org/4.5.2/Manual/packages.html#PkgPointSetProcessingSummary"
, year =        2015
}

@incollection{cgal:r-kds-15a
, author =  "Daniel Russel"
, title =   "Kinetic Data Structures"
, publisher =  "{CGAL Editorial Board}"
, edition =     "{4.5.2}"
, booktitle =   "{CGAL} User and Reference Manual"
, url = "http://doc.cgal.org/4.5.2/Manual/packages.html#PkgKdsSummary"
, year =        2015
}

@incollection{cgal:r-kdsf-15a
, author =  "Daniel Russel"
, title =   "Kinetic Framework"
, publisher =  "{CGAL Editorial Board}"
, edition =     "{4.5.2}"
, booktitle =   "{CGAL} User and Reference Manual"
, url = "http://doc.cgal.org/4.5.2/Manual/packages.html#PkgKdsFrameworkSummary"
, year =        2015
}

@incollection{cgal:cfw-cbgl-15a
, author =  "Andreas Fabri and Fernando Cacciola and Ron Wein"
, title =   "{CGAL} and the {Boost} Graph Library"
, publisher =  "{CGAL Editorial Board}"
, edition =     "{4.5.2}"
, booktitle =   "{CGAL} User and Reference Manual"
, url = "http://doc.cgal.org/4.5.2/Manual/packages.html#PkgBGLSummary"
, year =        2015
}

@incollection{cgal:fs-cbpm-15a
, author =  "Andreas Fabri and Laurent Saboret"
, title =   "{CGAL} and  {Boost} Property Maps"
, publisher =  "{CGAL Editorial Board}"
, edition =     "{4.5.2}"
, booktitle =   "{CGAL} User and Reference Manual"
, url = "http://doc.cgal.org/4.5.2/Manual/packages.html#PkgProperty_mapSummary"
, year =        2015
}

@incollection{cgal:dd-ss-15a
, author =  "Christophe Delage and Olivier Devillers"
, title =   "Spatial Sorting"
, publisher =  "{CGAL Editorial Board}"
, edition =     "{4.5.2}"
, booktitle =   "{CGAL} User and Reference Manual"
, url = "http://doc.cgal.org/4.5.2/Manual/packages.html#PkgSpatialSortingSummary"
, year =        2015
}

@incollection{cgal:atw-aabb-15a
, author =  "Pierre Alliez and St\'ephane Tayeb and Camille Wormser"
, title =   "{3D} Fast Intersection and Distance Computation ({AABB} Tree)"
, publisher =  "{CGAL Editorial Board}"
, edition =     "{4.5.2}"
, booktitle =   "{CGAL} User and Reference Manual"
, url = "http://doc.cgal.org/4.5.2/Manual/packages.html#PkgAABB_treeSummary"
, year =        2015
}

@incollection{cgal:h-msms-15a
, author =  "Michael Hoffmann"
, title =   "Monotone and Sorted Matrix Search"
, publisher =  "{CGAL Editorial Board}"
, edition =     "{4.5.2}"
, booktitle =   "{CGAL} User and Reference Manual"
, url = "http://doc.cgal.org/4.5.2/Manual/packages.html#PkgMatrixSearchSummary"
, year =        2015
}

@incollection{cgal:hkpw-se-15a
, author =  "Michael Hoffmann and  Lutz Kettner and Sylvain Pion and Ron Wein"
, title =   "STL Extensions for {CGAL}"
, publisher =  "{CGAL Editorial Board}"
, edition =     "{4.5.2}"
, booktitle =   "{CGAL} User and Reference Manual"
, url = "http://doc.cgal.org/4.5.2/Manual/packages.html#PkgStlExtensionSummary"
, year =        2015
}

@incollection{cgal:dksy-hc-15a
, author =  "Olivier Devillers and Lutz Kettner and Michael Seel and Mariette Yvinec"
, title =   "Handles and Circulators"
, publisher =  "{CGAL Editorial Board}"
, edition =     "{4.5.2}"
, booktitle =   "{CGAL} User and Reference Manual"
, url = "http://doc.cgal.org/4.5.2/Manual/packages.html#PkgHandlesAndCirculatorsSummary"
, year =        2015
}

@incollection{cgal:dhhk-gog-15a
, author =  "Olivier Devillers and Susan Hert and Michael Hoffmann and Lutz Kettner and Sven Sch{\"o}nherr"
, title =   "Geometric Object Generators"
, publisher =  "{CGAL Editorial Board}"
, edition =     "{4.5.2}"
, booktitle =   "{CGAL} User and Reference Manual"
, url = "http://doc.cgal.org/4.5.2/Manual/packages.html#PkgGeneratorsSummary"
, year =        2015
}

@incollection{cgal:kps-pthum-15a
, author =  "Lutz Kettner and Sylvain Pion and Michael Seel"
, title =   "Profiling Tools Timers, Hash Map, Union-find, Modifiers"
, publisher =  "{CGAL Editorial Board}"
, edition =     "{4.5.2}"
, booktitle =   "{CGAL} User and Reference Manual"
, url = "http://doc.cgal.org/4.5.2/Manual/packages.html#PkgProfilingToolsSummary"
, year =        2015
}

@incollection{cgal:fgk-ios-15a
, author =  "Andreas Fabri and Geert-Jan Giezeman and Lutz Kettner"
, title =   "IO Streams"
, publisher =  "{CGAL Editorial Board}"
, edition =     "{4.5.2}"
, booktitle =   "{CGAL} User and Reference Manual"
, url = "http://doc.cgal.org/4.5.2/Manual/packages.html#PkgIOstreamsSummary"
, year =        2015
}

@incollection{cgal:fp-gv-15a
, author =  "Andreas Fabri and Sylvain Pion"
, title =   "Geomview"
, publisher =  "{CGAL Editorial Board}"
, edition =     "{4.5.2}"
, booktitle =   "{CGAL} User and Reference Manual"
, url = "http://doc.cgal.org/4.5.2/Manual/packages.html#PkgGeomviewSummary"
, year =        2015
}

@incollection{cgal:fr-cqgvf-15a
, author =  "Andreas Fabri and Laurent Rineau"
, title =   "{CGAL} and the Qt Graphics View Framework "
, publisher = "{CGAL Editorial Board}"
, edition =     "{4.5.2}"
, booktitle =   "{CGAL} User and Reference Manual"
, url = "http://doc.cgal.org/4.5.2/Manual/packages.html#PkgGraphicsViewSummary"
, year =        2015
}

@incollection{cgal:lp-gi-15a
, author =  "S\'ebastien Loriot and Sylvain Pion"
, title =   "{CGAL} Ipelets "
, publisher =  "{CGAL Editorial Board}"
, edition =     "{4.5.2}"
, booktitle =   "{CGAL} User and Reference Manual"
, url = "http://doc.cgal.org/4.5.2/Manual/packages.html#PkgCGALIpeletsSummary"
, year =        2015
}

@incollection{cgal:yl-tsms-15a
, author =  "Ílker O. Yaz and S\'ebastien Loriot"
, title =   "Triangulated Surface Mesh Segmentation"
, publisher =  "{CGAL Editorial Board}"
, edition =     "{4.5.2}"
, booktitle =   "{CGAL} User and Reference Manual"
, url = "http://doc.cgal.org/4.5.2/Manual/packages.html#PkgSurfaceSegmentationSummary"
, year =        2015
}
