@misc{hsl,
    title = "{HSL}, a collection of Fortran codes for large-scale scientific computation.",
    note  = "http://www.hsl.rl.ac.uk/"
}
