@misc{cplex,
	author = "{IBM, Inc}",
	title = "{IBM ILOG CPLEX}: High-performance software for
		mathematical programming and optimization",
	note = "http://www-01.ibm.com/software/commerce/optimization/cplex-optimizer/",
	year = "2014"
}
