@misc{ipopt,
    title = "\textsc{Ipopt}, {COIN-OR} {I}nterior {P}oint {OPT}imizer, a software package for large-scale nonlinear optimization, Version 3.11.4",
    note  = "https://projects.coin-or.org/Ipopt"
}
