@misc{xianyi2013openblas,
  title="{OpenBLAS}",
  author="Xianyi, Zhang and Qian, Wang and Chothia, Zaheer",
  note="URL: http://xianyi.github.io/OpenBLAS",
  year={2013}
}
