@article{DBLP:journals/mp/WachterB06,
  author    = {Andreas W{\"{a}}chter and
               Lorenz T. Biegler},
  title     = {On the implementation of an interior-point filter line-search algorithm
               for large-scale nonlinear programming},
  journal   = {Math. Program.},
  volume    = {106},
  number    = {1},
  pages     = {25--57},
  year      = {2006},
  url       = {http://dx.doi.org/10.1007/s10107-004-0559-y},
  doi       = {10.1007/s10107-004-0559-y},
  timestamp = {Thu, 20 Jul 2006 13:08:54 +0200},
  biburl    = {http://dblp.uni-trier.de/rec/bib/journals/mp/WachterB06},
  bibsource = {dblp computer science bibliography, http://dblp.org}
}

