@book{BertsekasTsitsiklis1989,
  author = {Bertsekas, Dimitri P. and Tsitsiklis, John N.},
  title = {Parallel and Distributed Computation: Numerical Methods},
  year = {1989},
  isbn = {0-13-648700-9},
  publisher = {Prentice-Hall, Inc.},
  address = {Upper Saddle River, NJ, USA},
} 

@article{BierlaireTointTuyttens1991,
  title = "On iterative algorithms for linear least squares problems with bound 
  constraints ",
  journal = "Linear Algebra and its Applications ",
  volume = "143",
  number = "0",
  pages = "111 - 143",
  year = "1991",
  note = "",
  issn = "0024-3795",
  doi = "http://dx.doi.org/10.1016/0024-3795(91)90009-L",
  url = "http://www.sciencedirect.com/science/article/pii/002437959190009L",
  author = "M. Bierlaire and Ph.L. Toint and D. Tuyttens"
}

@article{CantarellaPiatek2004,
  added-at = {2011-12-05T00:00:00.000+0100},
  author = {Cantarella, Jason and Piatek, Michael},
  biburl = 
{http://www.bibsonomy.org/bibtex/2443c395331bffa6f26c0de5ebde40598/dblp},
  ee = {http://arxiv.org/abs/cs.MS/0408029},
  interhash = {eec88f499fd863f5e5a8835547cd179a},
  intrahash = {443c395331bffa6f26c0de5ebde40598},
  journal = {CoRR},
  keywords = {dblp},
  timestamp = {2011-12-05T00:00:00.000+0100},
  title = {Tsnnls: A solver for large sparse least squares problems with 
non-negative variables},
  url = {http://dblp.uni-trier.de/db/journals/corr/corr0408.html#cs-MS-0408029},
  volume = {cs.MS/0408029},
  year = 2004
}

@article{ChenDonohoSaunders2001,
  author = {Chen, Scott Shaobing and Donoho, David L. and Saunders, Michael A.},
  title = {Atomic Decomposition by Basis Pursuit},
  journal = {SIAM Rev.},
  issue_date = {2001},
  volume = {43},
  number = {1},
  month = jan,
  year = {2001},
  issn = {0036-1445},
  pages = {129--159},
  numpages = {31},
  url = {http://dx.doi.org/10.1137/S003614450037906X},
  doi = {10.1137/S003614450037906X},
  acmid = {588850},
  publisher = {Society for Industrial and Applied Mathematics},
  address = {Philadelphia, PA, USA},
  keywords = {\$\ell^1\$ norm optimization, MATLAB code, cosine packets,
  denoising, interior-point methods for linear programming, matching pursuit,
  multiscale edges, overcomplete signal representation, time-frequency
  analysis,  time-scale analysis, total variation denoising, wavelet packets,
  wavelets}
} 

@article{Golub1965,
  year={1965},
  issn={0029-599X},
  journal={Numerische Mathematik},
  volume={7},
  number={3},
  doi={10.1007/BF01436075},
  title={Numerical methods for solving linear least squares problems},
  url={http://dx.doi.org/10.1007/BF01436075},
  publisher={Springer-Verlag},
  author={Golub, G.},
  pages={206-216},
  language={English}
}

@article{PaigeSaunders1982,
  author = {Paige, Christopher C. and Saunders, Michael A.},
  title = {LSQR: An Algorithm for Sparse Linear Equations and Sparse Least 
  Squares},
  journal = {ACM Trans. Math. Softw.},
  issue_date = {March 1982},
  volume = {8},
  number = {1},
  month = mar,
  year = {1982},
  issn = {0098-3500},
  pages = {43--71},
  numpages = {29},
  url = {http://doi.acm.org/10.1145/355984.355989},
  doi = {10.1145/355984.355989},
  acmid = {355989},
  publisher = {ACM},
  address = {New York, NY, USA},
} 

@article{Saunders2013,
  author = {Saunders, Michael A.},
  title = {PDCO - Primal-Dual interior methods},
  year = {2013}
}