@article{journals/jmiv/KarlKVW96,
  added-at = {2010-03-05T00:00:00.000+0100},
  author = {Karl, William Clement and Kulkarni, Sanjeev R. and Verghese, George C. and Willsky, Alan S.},
  biburl = {http://www.bibsonomy.org/bibtex/226d2f621dcf7d0b5feefdf9c4f78adef/dblp},
  date = {2010-03-05},
  description = {dblp},
  ee = {http://dx.doi.org/10.1007/BF00119842},
  interhash = {0e58d7aaebdc60d2d6c47ea86fdd6a57},
  intrahash = {26d2f621dcf7d0b5feefdf9c4f78adef},
  journal = {Journal of Mathematical Imaging and Vision},
  keywords = {dblp},
  number = {2-3},
  pages = {249-267},
  timestamp = {2010-03-05T00:00:00.000+0100},
  title = {Local tests for consistency of support hyperplane data.},
  url = {http://dblp.uni-trier.de/db/journals/jmiv/jmiv6.html#KarlKVW96},
  volume = 6,
  year = 1996
}

@article{journals/pami/PrinceW90,
  added-at = {2011-11-07T00:00:00.000+0100},
  author = {Prince, Jerry L. and Willsky, Alan S.},
  biburl = {http://www.bibsonomy.org/bibtex/2b76d481fd0e2ae6907f729223218f568/dblp},
  ee = {http://doi.ieeecomputersociety.org/10.1109/34.50623},
  interhash = {086d413106a6a3b688c6963302825ded},
  intrahash = {b76d481fd0e2ae6907f729223218f568},
  journal = {IEEE Trans. Pattern Anal. Mach. Intell.},
  keywords = {dblp},
  number = 4,
  pages = {377-389},
  timestamp = {2011-11-07T00:00:00.000+0100},
  title = {Reconstructing Convex Sets from Support Line Measurements.},
  url = {http://dblp.uni-trier.de/db/journals/pami/pami12.html#PrinceW90},
  volume = 12,
  year = 1990
}
